@Article{raza:196,
  title={Unikernels: The Next Stage of Linux's Dominance},
  author={Ali Raza and Parul Sohal and James Cadden, Jonathan Appavoo and Ulrich Drepper and Richard Jones and Orran Krieger and Renato Mancuso and Larry Woodman },
  journal={hotOS XVII},
  year={2019},
  publisher = {Commun. ACM},
  url={https://doi.org/10.1145/3317550.3321445},
  doi={10.1145/3317550.3321445}
}

@InCollection{fraga:120,
  author = 	 {Vin√≠cius M. S. Fraga},
  title={A comparison between OS unikernels and Docker containers as building
blocks for an Internet of Things platform},
  pages = 	 {13--38},
  publisher =    {Universidade Federal do Pernambuco},
  year = 	 {2019}
}